<collection xmlns="http://www.loc.gov/MARC21/slim">
<record>
  <leader>01531nam0a2200253 i 450 </leader>
  <controlfield tag="001">IT\ICCU\CNCE\002724</controlfield>
  <controlfield tag="005">20160310000000.0</controlfield>
  <datafield tag="012" ind1=" " ind2=" ">
    <subfield code="a">aiua i.li o:ro ViAl (3) 1561 (R)</subfield>
    <subfield code="2">fei</subfield>
  </datafield>
  <datafield tag="100" ind1=" " ind2=" ">
    <subfield code="a">19970101d1561        0itac0103    ba</subfield>
  </datafield>
  <datafield tag="101" ind1=" " ind2=" ">
    <subfield code="a">ITA</subfield>
  </datafield>
  <datafield tag="102" ind1=" " ind2=" ">
    <subfield code="a">IT</subfield>
  </datafield>
  <datafield tag="200" ind1="1" ind2=" ">
    <subfield code="a">Cinque canti di vn nuouo libro di m. Lodouico Ariosto, i quali seguono la materia del Furioso. Di nuouo con somma diligenza ristampati &amp; corretti dall&apos;originale di mano dell&apos;autore, con le allegorie, &amp; alcune altre stanze del medesimo, che altri mancauano, nuouemente aggiunte, &amp; poste a i suoi luoghi</subfield>
  </datafield>
  <datafield tag="210" ind1=" " ind2=" ">
    <subfield code="a">In Pesaro</subfield>
    <subfield code="c">per gli heredi di Bartholomeo Cesano et Guid&apos;Vbaldo Bicille da Vrbino compagni</subfield>
    <subfield code="d">1561</subfield>
  </datafield>
  <datafield tag="215" ind1=" " ind2=" ">
    <subfield code="a">32 c.</subfield>
    <subfield code="c">ill.</subfield>
    <subfield code="d">4ʻ</subfield>
  </datafield>
  <datafield tag="620" ind1=" " ind2=" ">
    <subfield code="a">IT</subfield>
    <subfield code="d">Pesaro</subfield>
  </datafield>
  <datafield tag="700" ind1=" " ind2="1">
    <subfield code="a">Ariosto,</subfield>
    <subfield code="b">Ludovico</subfield>
    <subfield code="3">IT\ICCU\CNCA\000866</subfield>
  </datafield>
  <datafield tag="712" ind1="0" ind2="0">
    <subfield code="a">Cesano, Bartolomeo - eredi &amp; Bicillo, Guidobaldo</subfield>
    <subfield code="3">IT\ICCU\CNCT\000752</subfield>
    <subfield code="4">650</subfield>
  </datafield>
  <datafield tag="791" ind1="0" ind2="0">
    <subfield code="a">Bicillo, Guidobaldo</subfield>
    <subfield code="3">IT\ICCU\CNCT\000753</subfield>
    <subfield code="z">Cesano, Bartolomeo - eredi &amp; Bicillo, Guidobaldo</subfield>
  </datafield>
  <datafield tag="801" ind1=" " ind2="3">
    <subfield code="a">IT</subfield>
    <subfield code="b">ICCU</subfield>
    <subfield code="c">20201113</subfield>
  </datafield>
  <datafield tag="899" ind1=" " ind2=" ">
    <subfield code="a">Biblioteca comunale Ariostea. Ferrara</subfield>
    <subfield code="1">FE0017</subfield>
    <subfield code="2">UFE AR</subfield>
  </datafield>
  <datafield tag="899" ind1=" " ind2=" ">
    <subfield code="a">Biblioteca nazionale Braidense. Milano</subfield>
    <subfield code="1">MI0185</subfield>
    <subfield code="2">MIL NB</subfield>
  </datafield>
  <datafield tag="899" ind1=" " ind2=" ">
    <subfield code="a">Biblioteca  Panizzi. Reggio Emilia</subfield>
    <subfield code="1">RE0052</subfield>
    <subfield code="2">RE2 PA</subfield>
  </datafield>
  <datafield tag="911" ind1=" " ind2=" ">
    <subfield code="a">Sul front.</subfield>
    <subfield code="9">IT\ICCU\CNCM\000076</subfield>
  </datafield>
  <datafield tag="921" ind1=" " ind2=" ">
    <subfield code="a">IT\ICCU\CNCM\000076</subfield>
    <subfield code="b">Serpente tra  le fiamme che morde una mano uscente dalle nuvole.</subfield>
    <subfield code="e">Cos a ciascun nocente s come qui al serpente.</subfield>
    <subfield code="c">A64</subfield>
    <subfield code="c">V177</subfield>
    <subfield code="c">Z1053</subfield>
    <subfield code="d">Dimensioni: 4 x 5,5. Con o senza motto</subfield>
    <subfield code="f">COSIACIASC</subfield>
    <subfield code="f">DITO</subfield>
    <subfield code="f">FIAMME</subfield>
    <subfield code="f">NUVOLE</subfield>
    <subfield code="f">SERPENTE</subfield>
    <subfield code="g">1557-1576</subfield>
  </datafield>
</record>
</collection>
